@INPROCEEDINGS{equations,  author={Enayati, Nima and Alves Costa, Eva C. and Ferrigno, Giancarlo and De Momi, Elena},  booktitle={2016 IEEE/RSJ International Conference on Intelligent Robots and Systems (IROS)},   title={A dynamic non-energy-storing guidance constraint with motion redirection for robot-assisted surgery},   year={2016},  volume={},  number={},  pages={4311-4316},  doi={10.1109/IROS.2016.7759634}}

@INPROCEEDINGS{ref_frames,  author={Fontanelli, G. A. and Ficuciello, F. and Villani, L. and Siciliano, B.},  booktitle={2017 IEEE/RSJ International Conference on Intelligent Robots and Systems (IROS)},   title={Modelling and identification of the da Vinci Research Kit robotic arms},   year={2017},  volume={},  number={},  pages={1464-1469},  doi={10.1109/IROS.2017.8205948}}

@INPROCEEDINGS{vf_arch,  author={Abbott, J.J. and Okamura, A.M.},  booktitle={2003 IEEE International Conference on Robotics and Automation (Cat. No.03CH37422)},   title={Virtual fixture architectures for telemanipulation},   year={2003},  volume={2},  number={},  pages={2798-2805 vol.2},  doi={10.1109/ROBOT.2003.1242016}}

@article{acvf,
  title={Active constraints/virtual fixtures: A survey},
  author={Bowyer, Stuart A and Davies, Brian L and y Baena, Ferdinando Rodriguez},
  journal={IEEE Transactions on Robotics},
  volume={30},
  number={1},
  pages={138--157},
  year={2013},
  publisher={IEEE}
}


@inproceedings{haptic_guidance,
  title={A haptic guidance system for Computer-Assisted Surgical Training using virtual fixtures},
  author={Hong, Minsik and Rozenblit, Jerzy W},
  booktitle={2016 IEEE International Conference on Systems, Man, and Cybernetics (SMC)},
  pages={002230--002235},
  year={2016},
  organization={IEEE}
}

@article{vitrani2016applying,
  title={Applying virtual fixtures to the distal end of a minimally invasive surgery instrument},
  author={Vitrani, Marie-Aude and Poquet, Cecile and Morel, Guillaume},
  journal={IEEE Transactions on Robotics},
  volume={33},
  number={1},
  pages={114--123},
  year={2016},
  publisher={IEEE}
}